
@misc{center_for_history_and_new_media_quick_????,
	title = {Quick Start Guide},
	url = {http://zotero.org/support/quick_start_guide},
	author = {{Center for History and New Media}},
	annote = {Velkommen til Zotero!
I Zoteros Quick Start Guide kan du få at vide hvordan du kan samle, håndtere, henvise til og dele dine kilder.
Tak fordi du installerede Zotero.}
},

@misc{_3d-printer:_????,
	title = {{3D-printer:} Sådan kommer du i gang},
	shorttitle = {{3D-printer}},
	url = {http://videnskab.dk/teknologi/3d-printer-sadan-kommer-du-i-gang},
	abstract = {Forskere verden over printer de vildeste ting i {3D}, men {3D-printere} er ikke bare for forskere. Du kan også printe, og her guider en af Danmarks førende {3D-printer-forskere} dig igennem forløbet.},
	urldate = {2013-09-10},
	journal = {videnskab.dk},
	note = {Søndag eftermiddag. På fjernsynet summer lyden af en dokumentar om russisk kunst fjernt i baggrunden. Du døser hen, og alt er dejligt. Lige indtil en flue lander på din pande. Freden er ødelagt, og du har ikke nogen fluesmækker.},
	keywords = {Forbrug, Internet, Kemi, Opfindelser},
	file = {Snapshot:/Users/Simon/Library/Application Support/Zotero/Profiles/d8fxm3ey.default/zotero/storage/DVUFC8FP/3D-printer Sådan kommer du i gang.html:text/html}
},

@book{bredahl_eriksen_termodynamik_2007,
	address = {Kbh.},
	title = {Termodynamik : teoretisk grundlag, praktisk anvendelse},
	isbn = {9788757126136  8757126135},
	shorttitle = {Termodynamik},
	language = {Danish},
	publisher = {Nyt Teknisk Forlag},
	author = {Bredahl Eriksen, Aage and Gundtoft, Søren and Birkkjær Lauritsen, Aage},
	year = {2007}
},

@misc{_fouriers_????,
	title = {Fouriers lov},
	url = {http://www.denstoredanske.dk/index.php?sideId=79119},
	journal = {Den Store Danske}
},

@misc{_fouriers_????-1,
	title = {Fouriers lov {\textbar} Gyldendal - Den Store Danske},
	url = {http://www.denstoredanske.dk/It,_teknik_og_naturvidenskab/Fysik/Udbredelse,_ledning,_k%C3%B8ling_og_opvarmning/Fouriers_lov},
	urldate = {2012-11-21}
}