
@techreport{manyika_disruptive_2013,
	title = {Disruptive technologies: Advances that will transform life, business, and the global economy},
	shorttitle = {Disruptive technologies},
	url = {http://www.mckinsey.com/insights/business_technology/disruptive_technologies},
	language = {English},
	urldate = {2013-10-09},
	institution = {{McKinsey} Global Institute},
	author = {Manyika, James and Chui, Michael and Bughin, Jacques and Dobbs, Richard and Bisson, Peter and Marrs, Alex},
	month = may,
	year = {2013},
	pages = {176},
	file = {MGI_Disruptive_technologies_Full_report_May2013 (1).pdf:/Users/Simon/Library/Application Support/Zotero/Profiles/d8fxm3ey.default/zotero/storage/KTVWSJ4B/MGI_Disruptive_technologies_Full_report_May2013 (1).pdf:application/pdf}
},

@misc{_design_2013,
	title = {Design for life: create a better gas mask for fire services using {3D} printing},
	url = {http://www.3ders.org/articles/20130529-design-for-life-create-a-better-gas-mask-for-fire-services-using-3d-printing.html},
	language = {English},
	month = may,
	year = {2013}
}